@misc{bib:ambrose-hlw,
  author = "FIXME",
  title = "FIXME"
}

@misc{bib:barker-practice-adoption,
  author = "FIXME",
  title = "FIXME"
}

@misc{bib:baume-fixme,
  author = "FIXME",
  title = "FIXME"
}

@misc{bib:carroll-minimal-manual,
  author = "FIXME",
  title = "FIXME"
}

@misc{bib:deans-for-impact,
  author = "FIXME",
  title = "FIXME"
}

@misc{bib:debruyckere-urban-myths,
  author = "FIXME",
  title = "FIXME"
}

@misc{bib:fincher-stories-change,
  author = "FIXME",
  title = "FIXME"
}

@misc{bib:fincher-warrens-questions,
  author = "FIXME",
  title = "FIXME"
}

@misc{bib:fink-csle,
  author = "FIXME",
  title = "Creating Significant Learning Experiences",
  url = "http://www.amazon.com/Creating-Significant-Learning-Experiences-Integrated/dp/1118124251/"
}

@misc{bib:gawande-personal-best,
  author = "FIXME",
  title = "FIXME"
}

@misc{bib:gelman-nolan-stats-tricks,
  author = "FIXME",
  title = "FIXME"
}

@misc{bib:gormally-teaching-feedback,
  author = "FIXME",
  title = "FIXME"
}

@misc{bib:green-babt,
  author = "FIXME",
  title = "FIXME"
}

@misc{bib:guzdial-hard,
  author = "FIXME",
  title = "FIXME"
}

@misc{bib:guzdial-mediacomp-retrospective,
  author = "FIXME",
  title = "FIXME"
}

@misc{bib:guzdial-top10,
  author = "FIXME",
  title = "FIXME"
}

@misc{bib:henderson-facilitating,
  author = "FIXME",
  title = "FIXME"
}

@misc{bib:koedinger-doing-watching,
  author = "FIXME",
  title = "FIXME"
}

@misc{bib:lee-create-inclusive-community,
  author = "FIXME",
  title = "FIXME"
}

@misc{bib:littky-big-picture,
  author = "FIXME",
  title = "FIXME"
}

@misc{bib:patitsas-cs-grades,
  author = "FIXME",
  title = "FIXME"
}

@misc{bib:porter-what-works,
  author = "FIXME",
  title = "FIXME"
}

@misc{bib:stefik-fixme,
  author = "FIXME",
  title = "FIXME"
}

@misc{bib:stefik-summary,
  author = "FIXME",
  title = "FIXME"
}

@misc{bib:wiggins-mctighe,
  author = "FIXME",
  title = "FIXME"
}
