@article{aiken-note-taking,
  author={Edwin G. Aiken and Gary S. Thomas and William A. Shennum},
  title={Memory for a lecture: Effects of notes, lecture rate, and informational density},
  journal={Journal of Educational Psychology},
  volume={67},
  number={3},
  month={June},
  year={1975},
  pages={439--444},
  doi={dx.doi.org/10.1037/h0076613},
  annotate={A landmark study showing that taking notes improves retention when learning.}
}

@book{ambrose-hlw,
  author={Susan A. Ambrose and Michael W. Bridges and Michele DiPietro and Marsha C. Lovett and Marie K. Norman},
  title={How Learning Works: Seven Research-Based Principles for Smart Teaching},
  publisher={Jossey-Bass},
  year={2010},
  isbn={0470484101},
  url={https://www.amazon.com/How-Learning-Works-Research-Based-Principles/dp/0470484101/},
  annotate={An excellent overview of what we know about education and why we believe it's true, covering everything from cognitive psychology to social factors.}
}

@inproceedings{barker-practice-adoption,
  author={Barker, Lecia and Hovey, Christopher Lynnly and Gruning, Jane},
  title={What Influences CS Faculty to Adopt Teaching Practices?},
  booktitle={Proceedings of the 46th ACM Technical Symposium on Computer Science Education},
  year={2015},
  isbn={978-1450329668},
  pages={604--609},
  numpages={6},
  doi={10.1145/2676723.2677282},
  publisher={ACM},
  annotate={Describes findings from a two-part study of how computer science educators adopt new teaching practices.}
}

@techreport{baume-outcomes,
  author={D. Baume},
  title={Writing and using good learning outcomes},
  publisher={Leeds Metropolitan University Press},
  isbn={978-0-9560099-5-1},
  year={2009},
  annotate={A useful detailed guide to constructing useful learning outcomes.}
}

@book{benner,
  author={Patricia Benner},
  title={From Novice to Expert: Excellence and Power in Clinical Nursing Practice},
  publiser={Pearson},
  year={2000},
  isbn={978-0130325228},
  url={https://www.amazon.com/Novice-Expert-Excellence-Clinical-Commemorative/dp/0130325228/},
  annotate={A classic study of clinical judgment and how expertise develops.}
}

@article{bohay-note-taking,
  author={Mark Bohay and Daniel P. Blakely and Andrea K. Tamplin and Gabriel A. Radvansky},
  title={Note Taking, Review, Memory, and Comprehension},
  journal={American Journal of Psychology},
  volume={124},
  number={1},
  year={2011},
  pages={63--73},
  doi={10.5406/amerjpsyc.124.1.0063},
  annotate={Presents a study showing that note-taking improves retention most at deeper levels of understanding.}
}

@inproceedings{brown-empirical,
  author={Neil CC Brown and Amjad Altadmri},
  title={Investigating Novice Programming Mistakes: Educator Beliefs vs. Student Data},
  booktitle={Proceedings of the Tenth Annual Conference on International Computing Education Research},
  pages={43--50},
  year={2014},
  doi={dx.doi.org/10.1145/2632320.2632343},
  annotate={Uses data from over 100,000 students to show that educators know less than they think about what mistakes novice programmers actually make.}
}

@book{debruyckere-urban-myths,
  author={Pedro De Bruyckere and Paul A. Kirschner and Casper D. Hulshof},
  title={Urban Myths about Learning and Education},
  publisher={Academic Press},
  year={2015},
  url={https://www.amazon.com/Urban-Myths-about-Learning-Education/dp/0128015373/},
  isbn={978-0128015377},
  annotate={Describes and debunks some widely-held myths about how people learn.}
}

@book{epstein-thinking-physics,
  author={L.C. Epstein},
  title={Thinking Physics is Gedanken Physics},
  publisher={Insight Press},
  year={2002},
  isbn={9780935218084},
  url={https://www.amazon.com/Thinking-Physics-Understandable-Practical-Reality/dp/0935218084/},
  annotate={An entertaining problem-based introduction to thinking like a physicist.}
}

@book{fehily-sql,
  author={Chris Fehily},
  title={SQL: Visual QuickStart Guide},
  publisher={Peachpit Press},
  year={2008},
  edition={3},
  isbn={978-0321553577},
  url={https://www.amazon.com/SQL-Visual-QuickStart-Guide-3rd/dp/0321553578/},
  annotate={An introduction to SQL that is both a good tutorial and a good reference guide.}
}

@inproceedings{fincher-stories-change,
  author={Sally Fincher and Brad Richards and Janet Finlay and Helen Sharp and Isobel Falconer},
  title={Stories of Change: How Educators Change Their Practice},
  booktitle={2012 Frontiers in Education Conference Proceedings},
  year={2012},
  pages={1--6},
  doi={10.1109/FIE.2012.6462317},
  annotate={A detailed look at how educators actually adopt new teaching practices.}
}

@inproceedings{fincher-warrens-questions,
  author={Sally Fincher and Josh Tenenberg},
  title={Warren's Question},
  booktitle={Proceedings of the Third International Workshop on Computing Education Research},
  year={2007},
  isbn={978-1595938411},
  pages={51--60},
  doi={10.1145/1288580.1288588},
  publisher={ACM},
  annotate={A detailed look at a particular instance of transferring a teaching practice.}
}

@article{gawande-personal-best,
  author={Atul Gawande},
  title={Personal Best},
  journal={The New Yorker},
  year={2011},
  month={October},
  day={3},
  annotate={Describes how having a coach can improve practice in a wide variety of fields.}
}

@book{gelman-stats,
  author={Andrew Gelman and Deborah Nolan},
  title={Teaching Statistics: A Bag of Tricks},
  publisher={Oxford University Press},
  year={2002},
  isbn={978-0198572244},
  url={https://www.amazon.com/Teaching-Statistics-Tricks-Andrew-Gelman/dp/0198572247/},
  annotate={A collection of useful motivating examples for teaching statistics.}
}

@misc{gormally-teaching-feedback,
  author={Cara Gormally and Mara Evans and Peggy Brickman},
  title={Feedback about Teaching in Higher Ed: Neglected Opportunities to Promote Change},
  journal={CBE Life Sciences Education},
  volume={13},
  number={2},
  year={2014},
  pages={187-â€“199},
  doi={10.1187/cbe.13-12-0235},
  annotate={Summarizes the best practices for providing instructional feedback, and recommends specific strategies for providing feedback.}
}

@book{green-babt,
  author={E. Green},
  title={Building a Better Teacher: How Teaching Works (and How to Teach It to Everyone)},
  publisher={W. W. Norton},
  year={2014},
  isbn={9780393244151},
  url={https://www.amazon.com/Building-Better-Teacher-Teaching-Everyone/dp/0393351084/},
  annotate={A well-written look at why educational reforms in the past 50 years have mostly missed the mark, and what we should be doing instead.}
}

@misc{guzdial-blog,
  author={Mark Guzdial},
  title={Computing Education Blog},
  howpublished={https://computinged.wordpress.com/},
  year={2017},
  annotate={An informative, frequently-updated blog about computing education.}
}

@book{guzdial-lcd,
  author={Mark Guzdial},
  title={Learner-Centered Design of Computing Education: Research on Computing for Everyone},
  publisher={Morgan & Claypool},
  year={2015},
  isbn={978-1627053518},
  url={https://www.amazon.com/Learner-Centered-Design-Computing-Education-Human-Centered/dp/1627053514/},
  annotate={An evidence-based argument that we must design computing education for everyone, not just people who think they are going to become full-time professional programmers.}
}

@inproceedings{guzdial-mediacomp-retrospective,
  author={Mark Guzdial},
  title={Exploring Hypotheses About Media Computation},
  booktitle={Proceedings of the Ninth Annual International ACM Conference on International Computing Education Research},
  year={2013},
  isbn={978-1450322430},
  pages={19--26},
  url={http://doi.acm.org/10.1145/2493394.2493397},
  doi={10.1145/2493394.2493397},
  publisher={ACM},
  annotate={A look back on 10 years of media computation research.}
}

@misc{buzdial-top10,
  author={Mark Guzdial},
  title={Top 10 Myths About Teaching Computer Science},
  howpublished={http://cacm.acm.org/blogs/blog-cacm/189498-top-10-myths-about-teaching-computer-science/fulltext},
  year={2015},
  annotate={Ten things many people believe that aren't true.}
}

@article{henderson-facilitating,
  author={Charles Henderson and Andrea Beach and Noah Finkelstein},
  title={Facilitating change in undergraduate STEM instructional practices: An analytic review of the literature},
  journal={Journal of Research in Science Teaching},
  volume={48},
  number={8},
  publisher={Wiley},
  issn={1098-2736},
  url={http://dx.doi.org/10.1002/tea.20439},
  doi={10.1002/tea.20439},
  pages={952--984},
  year={2011},
  annotate={Describes eight approaches to effecting change in STEM education that form a useful framework for thinking about how free-range workshops can go mainstream.}
}

@book{huston-dont-know,
  author={Therese Huston},
  title={Teaching What You Don't Know},
  publisher={Harvard University Press},
  year={2009},
  isbn={978-0674035805},
  url={https://www.amazon.com/Teaching-What-You-Dont-Know/dp/0674035801/},
  annotate={A pointed, funny, and very useful book that explores exactly what the title suggests.}
}

@book{kernighan-plauger-elements,
  author={Brian W. Kernighan and P.J. Plauger},
  title={The Elements of Programming Style},
  publisher={McGraw-Hill, Inc.},
  year={1982},
  edition={2nd},
  isbn={0070342075},
  url={https://www.amazon.com/Elements-Programming-Style-2nd/dp/0070342075/},
  annotate={An early and influential description of the Unix programming philosophy.}
}

@book{kernighan-pike-upe,
  author={Brian W. Kernighan and Rob Pike},
  title={The UNIX Programming Environment},
  publisher={Prentice Hall Professional Technical Reference},
  year={1984},
  isbn={013937681X},
  url={https://www.amazon.com/Unix-Programming-Environment-Prentice-Hall-Software/dp/013937681X/},
  annotate={An influential early description of Unix.}
}

@book{kernighan-ritchie-c,
  author={Brian W. Kernighan and Dennis M. Ritchie},
  title={The  C Programming Language},
  publisher={Prentice Hall Professional Technical Reference},
  year={1988},
  edition={2nd},
  isbn={0131103709},
  url={https://www.amazon.com/Programming-Language-Brian-W-Kernighan/dp/0131103628/},
  annotate={The book that made C a popular programming language.}
}

@article{kirschner-minimal,
  author={Paul Kirschner and John Sweller and Richard Clark},
  journal={Educational Psychologist},
  number={2},
  pages={75--86},
  title={Why Minimal Guidance During Instruction Does Not Work: An Analysis of the Failure of Constructivist, Discovery, Problem-Based, Experiential, and Inquiry-Based Teaching},
  volume=41,
  year=2006,
  annotate={Argues that inquiry-based learning is less effective for novices than guided instruction.}
}

@inproceedings{koedinger-doing-watching,
  author={Kenneth R. Koedinger and Jihee Kim and Julianna Zhuxin Jia and Elizabeth A. McLaughlin and Norman L. Bier},
  title={Learning is Not a Spectator Sport: Doing is Better Than Watching for Learning from a MOOC},
  booktitle={Proceedings of the Second (2015) ACM Conference on Learning @ Scale},
  year={2015},
  isbn={978-1450334112},
  pages={111--120},
  numpages={10},
  doi={10.1145/2724660.2724681},
  publisher={ACM},
  annotate={Measures the benefits of doing rather than watching.}
}

@book{lang-small-teaching,
  author={James M. Lang},
  title={Small Teaching: Everyday Lessons from the Science of Learning},
  publisher={Jossey-Bass},
  year={2016},
  isbn={978-1118944493},
  url={https://www.amazon.com/Small-Teaching-Everyday-Lessons-Learning/dp/1118944496/},
  annotate={Presents a selection of accessible evidence-based practices that teachers can adopt when they little time and few resources.}
}

@misc{lee-create-inclusive-community,
  author={Cynthia Lee},
  title={What can I do today to create a more inclusive community in CS?},
  howpublished={https://docs.google.com/document/d/1hLivou9-_wmsZuzKI2pCGQu0KHVIgYfJSaYhvTgO0Wo/},
  year={2017},
  annotate={A practical checklist of things instructors can do to make their computing classes more inclusive.}
}

@book{lemov-champion,
  author={Doug Lemov},
  title={Teach Like a Champion 2.0: 62 Techniques that Put Students on the Path to College},
  publisher={Jossey-Bass},
  year={2014},
  edition={2},
  isbn={978-1118901854},
  url={https://www.amazon.com/Teach-Like-Champion-2-0-Techniques/dp/1118901851/},
  annotate={Presents 62 classroom techniques drawn from intensive study of thousands of hours of video of good teachers in action.}
}

@book{littky-big-picture,
  title={The Big Picture: Education is Everyone's Business},
  author={D. Littky and S. Grabelle},
  publisher={Association for Supervision and Curriculum Development},
  year={2004},
  isbn={9780871209719},
  url={https://www.amazon.com/Big-Picture-Education-Everyones-Business/dp/0871209713/},
  annotate={A personal exploration of the purpose of education and how to make schools better.}
}

@article{macnamara-deliberate,
  author={Brooke N. Macnamara and David Z. Hambrick and Frederick L. Oswald},
  title={Deliberate Practice and Performance in Music, Games, Sports, Education, and Professions},
  journal={Psychological Science},
  volume={25},
  number={8},
  pages={1608--1618},
  year={2014},
  doi={10.1177/0956797614535810},
  url={http://dx.doi.org/10.1177/0956797614535810},
  annotate={A meta-study of the effectiveness of deliberate practice.}
}

@book{margolis-fisher-clubhouse,
  author={J. Margolis and A. Fisher},
  title={Unlocking the Clubhouse: Women in Computing},
  publisher={MIT Press},
  year={2003},
  isbn={9780262632690},
  url={https://www.amazon.com/Unlocking-Clubhouse-Women-Computing-Press/dp/0262632691/},
  annotate={A groundbreaking report on the gender imbalance in computing, and the steps Carnegie-Mellon took to address the problem.}
}

@book{margolis-shallow,
  author={J. Margolis and R. Estrella and J. Goode and J.J. Holme and K. Nao},
  title={Stuck in the Shallow End: Education, Race, and Computing},
  publisher={MIT Press},
  year={2010},
  isbn={9780262260961},
  url={https://www.amazon.com/Stuck-Shallow-End-Education-Computing/dp/0262514044/},
  annotate={A hard-hitting look at racial inequities in computing education.}
}

@article{mayer-nine-ways,
  author={Richard E. Mayer and Roxana Moreno},
  title={Nine Ways to Reduce Cognitive Load in Multimedia Learning},
  journal={Educational Psychologist},
  pages={43--52},
  volume={38},
  year={2003},
  annotate={Shows how research into how we absorb and process information can be applied to the design of instructional materials.}
}

@article{mueller-note-taking,
  author={Pam A. Mueller and Daniel M. Oppenheimer},
  title={The Pen Is Mightier Than the Keyboard},
  journal={Psychological Science},
  volume={25},
  number={6},
  pages={1159-1168},
  year={2014},
  doi={10.1177/0956797614524581},
  annotate={Presents evidence that taking notes by hand is more effective than taking notes on a laptop.}
}

@article{orndorff-note-taking,
  author={Harold N. Orndorff III},
  title={Collaborative Note-Taking: The Impact of Cloud Computing on Classroom Performance},
  journal={International Journal of Teaching and Learning in Higher Education},
  volume={27},
  number={3},
  pages={340--351},
  year={2015},
  annotate={Presents a study showing that collaborative note-taking improves grades and learning outcomes.}
}

@inproceedings{patitsas-cs-grades,
  author={Elizabeth Patitsas and Jesse Berlin and Michelle Craig and Steve Easterbrook},
  title={Evidence That Computer Science Grades Are Not Bimodal},
  booktitle={Proceedings of the 2016 ACM Conference on International Computing Education Research},
  year={2016},
  isbn={978-1450344494},
  pages={113--121},
  url={http://doi.acm.org/10.1145/2960310.2960312},
  doi={10.1145/2960310.2960312},
  publisher={ACM},
  annotate={Presents a statistical analysis and an experiment which jointly show that despite popular myth, grades in computing classes are not bimodalâ€“i.e., there is no geek gene.}
}

@book{petre-expertise,
  author={Marian Petre and AndrÃ© van der Hoek and Yen Quach},
  title={Software Design Decoded: 66 Ways Experts Think},
  publisher={MIT Press},
  year={2016},
  isbn={978-0262035187},
  url={https://www.amazon.com/Software-Design-Decoded-Experts-Think/dp/0262035189/},
  annotate={A short illustrated overview of how expert software developers think.}
}

@article{porter-what-works,
  author={Leo Porter and Mark Guzdial and Charlie McDowell and Beth Simon},
  title={Success in Introductory Programming: What Works?},
  journal={Communications of the ACM},
  volume={56},
  number={8},
  month={August},
  year={2013},
  pages={34--36},
  url={http://doi.acm.org/10.1145/2492007.2492020},
  doi={10.1145/2492007.2492020},
  publisher={ACM},
  annotate={Summarizes the evidence that three techniquesâ€“peer instruction, media computation, and pair programmingâ€“can significantly improve outcomes in introductory programming courses.}
}

@book{preskill-discussion,
  author={Stephen D. Brookfield and Stephen Preskill},
  title={The Discussion Book: 50 Great Ways to Get People Talking},
  publisher={Jossey-Bass},
  year={2016},
  isbn={978-1119049715},
  url={https://www.amazon.com/Discussion-Book-Great-People-Talking/dp/1119049717/},
  annotate={Describes fifty different ways to get groups talking productively.}
}

@book{ray-ray-unix,
  author={Eric J. Ray and Deborah S. Ray},
  title={Unix and Linux: Visual QuickStart Guide},
  publisher={Peachpit Press},
  year={2014},
  edition={5},
  isbn={978-0321997548},
  url={https://www.amazon.com/Unix-Linux-Visual-QuickStart-Guide/dp/0321997549/},
  annotate={An introduction to Unix that is both a good tutorial and a good reference guide.}
}

@book{schon-practitioner,
  author={Donad A. SchÃ¶n},
  title={The Reflective Practitioner: How Professionals Think In Action},
  publisher={Basic Books},
  year={1984},
  isbn={978-0465068784},
  url={https://www.amazon.com/Reflective-Practitioner-Professionals-Think-Action/dp/0465068782/},
  annotate={A groundbreaking look at how professionals in different fields actually solve problems.}
}

@book{scott-state,
  title={Seeing Like a State: How Certain Schemes to Improve the Human Condition Have Failed},
  author={Scott, J.C.},
  publisher={Yale University Press},
  year={1999},
  isbn={9780300128789},
  url={https://www.amazon.com/Seeing-like-State-Certain-Condition/dp/0300078153/},
  annotate={Presents a compelling case that centrally-managed, top-down ventures will always be less effective than grassroots alternatives because large organizations consistently prefer uniformity over productivity.}
}

@book{steele-vivaldi,
  author={C.M. Steele},
  title={Whistling Vivaldi: And Other Clues to How Stereotypes Affect Us (Issues of Our Time)},
  publisher={W. W. Norton},
  year={2011},
  isbn={9780393341485},
  url={https://www.amazon.com/Whistling-Vivaldi-Stereotypes-Affect-Issues/dp/0393339726/},
  annotate={Explains and explores stereotype threat and strategies for addressing it.}
}

@misc{ubell-moocs,
  author={Robert Ubell},
  title={How the Pioneers of the MOOC Got It Wrong},
  howpublished={http://spectrum.ieee.org/tech-talk/at-work/education/how-the-pioneers-of-the-mooc-got-it-wrong},
  year={2017},
  month={January},
  day={16},
  annotate={A brief exploration of why MOOCs haven't lived up to claims made for them five years ago.}
}

@book{wiggins-mctighe,
  author={G.P. Wiggins and J. McTighe},
  title={Understanding by Design},
  publisher={Association for Supervision and Curriculum Development},
  year={2005},
  isbn={9781416600350},
  url={https://www.amazon.com/Understanding-Design-Grant-Wiggins/dp/1416600353/},
  annotate={A lengthy presentation of reverse instructional design.}
}
